<collection xmlns="http://www.loc.gov/MARC21/slim">
<record>
  <leader>00410na 0a22001091i 450 </leader>
  <controlfield tag="001">IT\ICCU\CNCE\073594</controlfield>
  <controlfield tag="005">20081201000000.0</controlfield>
  <datafield tag="100" ind1=" " ind2=" ">
    <subfield code="a">20081201             0itac0103    ba</subfield>
  </datafield>
  <datafield tag="101" ind1=" " ind2=" ">
    <subfield code="a">LAT</subfield>
  </datafield>
  <datafield tag="200" ind1="1" ind2=" ">
    <subfield code="a">Diui Nicolai vita versibus exposita, et in templo eidem dicato Cremonae acta. Peregrino Merula Cremonensi auctore, et in eodem templo parocho</subfield>
  </datafield>
  <datafield tag="700" ind1=" " ind2="1">
    <subfield code="a">Merula,</subfield>
    <subfield code="b">Pellegrino</subfield>
    <subfield code="3">IT\ICCU\CNCA\026674</subfield>
  </datafield>
  <datafield tag="801" ind1=" " ind2="3">
    <subfield code="a">IT</subfield>
    <subfield code="b">ICCU</subfield>
    <subfield code="c">20201115</subfield>
  </datafield>
</record>
</collection>
